@article{landslide-evaluation,
  title={Evaluation of Different Machine Learning Methods and Deep-Learning Convolutional Neural Networks for Landslide Detection},
  author={Omid GHORBANZADEH and Thomas BLASCHKE and Khalil GHOLAMNIA and Sansar Raj MEENA and Dirk TIEDE and Jagannath ARYAL},
  journal={REMOTE SENSING},
  volume={11},
  number={2},
  year={2019},
  publisher={MDPI}
}

@article{dl-for-cv,
  title={Deep Learning for Computer Vision: A Brief Review},
  author={Athanasios VOULODIMOS and Nikolaos DOULAMIS and Anastasios DOULAMIS and Eftychios PROTOPAPADAKIS},
  journal={Computational Intelligence and Neuroscience},
  volume={2018},
  year={2018},
  publisher={Hindawi Limited}
}

@article{hyperspectral-multiple-feat-cnn,
  title={Hyperspectral Image Classification Using Convolutional Neural Networks and Multiple Feature Learning},
  author={Qishuo GAO and Samsung LIM and Xiuping JIA},
  journal={REMOTE SENSING},
  volume={10},
  number={2},
  year={2018},
  publisher={MDPI}
}

@article{ship-rdfpn,
  title={Automatic ship detection in remote sensing images from google earth of complex scenes based on multiscale rotation Dense Feature Pyramid Networks},
  author={Yang XUE and Hao SUN and Kun FU and Jirui YANG and Xian SUN and Menglong YAN and ZHI GUO},
  journal={REMOTE SENSING},
  volume={10},
  number={1},
  year={2018},
  publisher={MDPI}
}

@article{dl-remote-sensing-review,
  title={Deep learning in remote sensing applications: A meta-analysis and review},
  author={Lei MA and Yu LIU and Xueliang ZHAN and Yuanxin YE and Gaofei YIN and Brian Alan JOHNSON},
  journal={ISPRS Journal of Photogrammetry and Remote Sensing},
  volume={152},
  year={2019},
  pages={166--177},
  publisher={Elsevier B.V.}
}

@article{cnn-hs-class,
  title={A new deep convolutional neural network for fast hyperspectral image classification},
  author={M. E. PAOLETTI and J. M. HAUT and J. PLAZA and A. PLAZA},
  journal={ISPRS Journal of Photogrammetry and Remote Sensing},
  volume={145},
  pages={120--147},
  year={2018},
  publisher={Elsevier B.V.}
}

@article{cnn-fusion-clouds,
  title={A CNN-Based Fusion Method for Feature Extraction from Sentinel Data},
  author={Giuseppe SCARPA and Massimiliano GARGUIO and Antonio MAZZA and Raffaele GAETANO},
  journal={REMOTE SENSING},
  volume={10},
  number={2},
  year={2018},
  publisher={MDPI}
}

@article{cnn-fusion-hr-hsr,
  title={Hyperspectral and Multispectral Image Fusion via Deep Two-Branches Convolutional Neural Network},
  author={Jingxiang YANG and Yongqiang ZHAO and Jonathan Chenugwai CHAN},
  journal={REMOTE SENSING},
  volume={10},
  number={5},
  year={2018},
  publisher={MDPI}
}

@article{deformable-faster-r-cnn,
  title={Deformable Faster R-CNN with Aggregating Multi-Layer Features for Partially Occluded Object Detection in Optical Remote Sensing Images},
  author={Yun REN and Changren ZHU and Shunping XIAO},
  journal={REMOTE SENSING},
  volume={10},
  number={9},
  year={2018},
  publisher={MDPI}
}

@article{3d-cnn-crop,
  title={3D Convolutional Neural Networks for Crop Classification with Multi-Temporal Remote Sensing Images},
  author={Shunping LI and Chi ZHANG and Anjian XU and Yun SHI and Yulin DUAN},
  journal={REMOTE SENSING},
  volume={10},
  number={1},
  year={2018},
  publisher={MDPI}
}

@article{vhr-building,
  title={Building Extraction in Very High Resolution Remote Sensing Imagery Using Deep Learning and Guided Filters},
  author={Yongyang XU and Liang WU and Zhong XIE and Zhanlong CHEN},
  journal={REMOTE SENSING},
  volume={10},
  number={1},
  year={2018},
  publisher={MDPI}
}

@article{dl-lungs,
  title={Deep learning provisions in the matlab: Focus on CNN},
  author={R. ARAVINDASAMY, M. Jeffrin RAJAN, A. RAMA, P. KAVITHA},
  journal={International Journal of Innovative Technology and Exploring Engineering},
  volume={8},
  number={9},
  year={2019},
  pages={990--994},
  publisher={Blue Eyes Intelligence Engineering and Sciences Publication}
}

@article{maoxian-landslide,
  title={The Maoxian landslide as seen from space: detecting precursors of failure with Sentinel-1 data},
  author={Emanuele INTRIERI and Federico RASPINI and Alfio FUMAGALLI and Ping LU and Sara del CONTE and Paolo FARINA and Jacopo ALLIEVI and Alessandro FERRETTI and Nicola CASAGLI},
  journal={Landslides},
  volume={15},
  number={1},
  year={2018},
  pages={123--133},
  publisher={Springer Verlag}
}

@article{very-deep-cnn-lc,
  title={Very Deep Convolutional Neural Networks for Complex Land Cover Mapping Using Multispectral Remote Sensing Imagery},
  author={M. MAHDIANPARI and B. SALEHI and M. REZAEE and F. MOHAMMADIMANESH and Y. ZHANG},
  journal={REMOTE SENSING},
  volume={10},
  number={7},
  year={2018},
  publisher={MDPI AG}
}

@article{state-of-the-art-dl,
  title={A state-of-the-art survey on deep learning theory and architectures},
  author={M. Z. ALOM and T. M. TAHA and C. YAKOPCIC and S. WESTBERG and P. SIDIKE and M. S. NASRIN and M. HASAN and B. C. VAN ESSEN and A. A. S. AWWAL and V. K. ASARI},
  journal={Electronics},
  volume={8},
  number={3},
  year={2019},
  publisher={MDPI AG}
}

@article{object-detection-hrs-multi-scale,
  title={Geospatial Object Detection in High Resolution Satellite Images Based on Multi-Scale Convolutional Neural Network},
  author={Wei GUI and Wen YANG and Haijian ZHANG and Guang HUO},
  journal={REMOTE SENSING},
  volume={10},
  number={1},
  year={2018},
  publisher={MDPI}
}