@book{svm,
  title={Statistical Learning Theory},
  author={V. VAPNIK},
  publisher={Wiley},
  address={},
  year={1998}
}

@book{2d-3d-image-analysis,
  title={2D and 3D Image Analysis by Moments},
  author={J. FLUSSER and T. SUK and B. ZITOVÁ},
  publisher={Wiley-Blackwell},
  address={},
  year={2016}
}

@book{knowledge-doubling-curve,
  title={Critical Path},
  author={R. B. FULLER and K. KUROMIYA},
  publisher={St. Martin's Publishing Group},
  isbn={9780312174910},
  address={},
  year={1981}
}

@book{mlp,
  title={Principles of Neurodynamics: Perceptions and the Theory of Brain Mechanism},
  author={F. ROSENBLATT},
  publisher={Spartan Books},
  address={},
  year={1961}
}

@book{pca,
  title={Principal Component Analysis},
  author={I. JOLIE},
  publisher={Springer},
  address={},
  year={1986}
}

@book{massachusetts-dataset,
  title={Machine Learning for Aerial Image Labeling},
  author={V. MNIH},
  publisher={Citeseer},
  address={},
  year={2013}
}

@inproceedings{cnn-off-the-shelf,
  title={CNN Features Off-the-Shelf: An Astounding Baseline for Recognition},
  author={A. S. RAZAVIAN and H. AZIZPOUR and J. SULLIVAN and S. CARLSSON},
  journal={Proceedings of the IEEE Conference on Computer Vision and Pattern Recognition},
  year={2014},
  publisher={Springer}
}

@inproceedings{leaky-relu,
  title={Rectifier Nonlinearities Improve Neural Network Acoustic Models},
  author={A. MAAS and A. HANNUN and A. NG},
  journal={Proceedings of the International Conference on Machine Learning},
  year={2013}
}

@inproceedings{munet,
  title={Land Use Land Cover Classification from Satellite Imagery using mUnet: A Modified Unet Architecture},
  author={L. GARG and P. SHUKLA and S. K. SINGH and V. BAJPAI and U. YADAV},
  journal={Proceedings of the International Joint Conference on Computer Vision, Imaging and Computer Graphics Theory and Applications},
  year={2019},
  pages={359--365},
  publisher={SciTePress}
}

@inproceedings{cnn-neuromorphic-computing,
  title={Convolutional Networks for Fast, Energy-Efficient Neuromorphic Computing},
  author={S. K. ESSER and P. A. MEROLLA and J. V. ARTHUR and A. S. CASSIDY and R. APPUSWAMY and A. ANDREOPOULOS and D. J. BERG and J. L. MCKINSTRY and T. MELANO and D. R. BARCH and C. di NOLFO and P. DATTA and A. AMIR and B. TABA and M. D. FLICKNER and D. S. MODHA},
  journal={Proceedings of the National Academy of Sciences of the United States of America},
  year={2016},
  volume={113},
  number={41},
  pages={11441--11446},
  publisher={National Academy of Sciences}
}

@inproceedings{ssd,
  title={SSD: Single Shot MultiBox Detector},
  author={W. LIU and D. ANGUELOV and D. ERHAN and C. SZEGEDY and S. REED},
  journal={Proceedings of the IEEE Conference on Computer Vision and Pattern Recognition},
  year={2006},
  publisher={Springer}
}

@inproceedings{k-means-plusplus,
  title={k-means plus plus : The Advantages of Careful Seeding},
  author={D. ARTHUR and S. VASSILVITSKII},
  journal={Proceedings of the Annual ACM-SIAM Symposium on Discrete Algorithms},
  pages={1027--1035},
  year={2007},
  publisher={SIAM}
}

@inproceedings{visual-question-answering,
  title={Multimodal Compact Bilinear Pooling for Visual Question Answering and Visual Grounding},
  author={A. FUKUI and D. PARK and D. YANG and A. ROHRBAHR and T. DARRELL},
  booktitle={Proceedings of the 2016 Conference on Empirical Methods in Natural Language Processing},
  year={2016},
  address={Austin, Texas},
  publisher={Association for Computational Linguistics},
  url={https://www.aclweb.org/anthology/D16-1044},
  doi={10.18653/v1/D16-1044},
  pages={457--468}
}

@inproceedings{svm-ann-cnn-vegetation-species,
  title={Comparative Analysis of SVM, ANN and CNN for Classifying Vegetation Species Using Hyperspectral Thermal Infrared Data},
  author={M. HASSAN and S. ULLAH and M. J. KHAN and K. KHURSHID},
  journal={ISPRS Archives},
  pages={1861--1868},
  year={2019},
  publisher={International Society for Photogrammetry and Remote Sensing}
}

@inproceedings{gmm,
  title={Gaussian Mixture Models of Texture and Colour for Image Database Retrieval},
  author={H. PERMUTER and J. FRANCOS and I. H. JERMYN},
  journal={Proceedings of the IEEE International Conference on Acoustics, Speech, and Signal Processing},
  pages={569--572},
  year={2003},
  publisher={IEEE}
}

@conference{faster-rcnn,
  title={Faster {R-CNN}: Towards Real-Time Object Detection with Region Proposal Networks},
  author={S. REN and K. HE and R. GIRSHICK and J. SUN},
  booktitle={Advances in Neural Information Processing Systems ({NIPS})},
  year={2015}
}

@conference{acca,
  title={Landsat 7 Automatic Cloud Cover Assessment},
  author={R. IRISH},
  booktitle={Conference on Algorithms for Multispectral, Hyperspectral, and Ultraspectral Imagery},
  year={2000}
}

@conference{multiscale-parallel-cnn,
  title={Scene Parsing with Multiscale Feature Learning, Purity Trees, and Optimal Covers},
  author={C. FARABET and C. COUPRIE and L. NAJMAN and Y. LeCUN},
  booktitle={International Conference on Machine Learning ({ICML})},
  year={2012},
  pages={575--582}
}

@conference{animal-species-cnn,
  title={Animal Species Recognition in the Wildlife Based on Muzzle and Shape Features Using Joint CNN},
  author={M. FAVORSKAYA and A. PAKHIRKA},
  booktitle={International Conference on Knowledge-Based and Intelligent Information \& Engineering Systems ({KES})},
  volume={159},
  year={2019},
  pages={933--942},
  publisher={Elsevier}
}

@conference{dilated-cnn,
  title={Multi-Scale Context Aggregation by Dilated Convolutions},
  author={F. YU and V. KOLTUN},
  booktitle={International Conference on Learning Representations ({ICLR})},
  year={2016}
}

@conference{cnn-classification,
  title={ImageNet Classification with Deep Convolutional Neural Networks},
  author={A. KRIZHEVSKY and I. SUTSKEVER and G. E. HINTON},
  booktitle={Advances in Neural Information Processing Systems ({NIPS})},
  year={2012},
  pages={1097--1105}
}

@conference{fpn,
  title={Feature Pyramid Networks for Object Detection},
  author={T. Y. LIN and P. DOLLÁR and R. GIRSHICK and K. HE and B. HARIHARAN and S. BELONGIE},
  booktitle={Conference on Computer Vision and Pattern Recognition ({CVPR})},
  year={2017}
}

@conference{saliency-detection-dl,
  title={ Saliency Detection by Multi-Context Deep Learning },
  author={R. ZHAO and W. OUYANG and H. LI and X. WANG},
  booktitle={Conference on Computer Vision and Pattern Recognition ({CVPR})},
  year={2015},
  pages={1265--1274}
}

@conference{t-s-distillation,
  title={Structured Knowledge Distillation for Semantic Segmentation},
  author={Y. LIU and K. CHEN and C/ LIU and Z. QIN and Z. LUO and J. WANG},
  booktitle={Conference on Computer Vision and Pattern Recognition ({CVPR})},
  year={2019}
}

@conference{cnn-urban-aerial,
  title={Classification of Urban Aerial Data Based on Pixel Labelling with Deep Convolutional Neural Networks and Logistic Regression},
  author={W. YAO and P. POLEWSKI and P. KRZYSTEK},
  booktitle={Congress of the International-Society-for-Photogrammetry-and-Remote-Sensing ({ISPRS})},
  year={2016}
}

@conference{fcn,
  title={Fully Convolutional Networks for Semantic Segmentation},
  author={J. LONG and E. SHELHAMER and T. DARRELL},
  booktitle={IEEE conference on Computer Vision and Pattern Recognition {CVPR}},
  pages={3431--3440},
  year={2015}
}

@conference{densenet,
  title={Densely Connected Convolutional Networks},
  author={G. HUANG and Z. LIU and L. VAN DER MAATEN},
  booktitle={IEEE conference on Computer Vision and Pattern Recognition {CVPR}},
  pages={2261--2269},
  year={2017}
}

@conference{inception,
  title={Going Deeper with Convolutions},
  author={C. SZEGEDY and W. LIU and Y. Q. Jia and P. SERMANET and S. REED and D. ANGUELOV and D. ERHAN and V. VANHOUCKE and A. RABINOVICH},
  booktitle={IEEE conference on Computer Vision and Pattern Recognition {CVPR}},
  pages={1--9},
  year={2015}
}

@conference{u-net,
  title={U-Net: Convolutional Networks for Biomedical Image Segmentation},
  author={O. RONNEBERGER and P. FISCHER and T. BROX},
  booktitle={International Conference on Medical Image Computing and Computer-Assisted Intervention {MICCAI}},
  pages={234--241},
  year={2015}
}

@conference{xception,
  title={Xception: Deep Learning with Depthwise Separable Convolutions},
  author={F. CHOLLET},
  booktitle={IEEE conference on Computer Vision and Pattern Recognition {CVPR}},
  pages={1800--1807},
  year={2017}
}

@conference{pspnet,
  title={Pyramid Scene Parsing Network},
  author={H. S. ZHAO and J. P. SHI and X. J. QI and X. G. WANG and J. Y. JIA},
  booktitle={IEEE conference on Computer Vision and Pattern Recognition {CVPR}},
  pages={6230--6239},
  year={2017}
}

@conference{resnet,
  title={Deep Residual Learning for Image Recognition},
  author={K. HE and X. ZHANG and S. REN and J. SUN},
  journal={IEEE conference on Computer Vision and Pattern Recognition {CVPR}},
  pages={770--778},
  year={2016}
}

@conference{inception-resnet,
  title={Inception-v4, Inception-ResNet and the Impact of Residual Connections on Learning},
  author={C. SZEGEDY and S. IOFFE and V. VANHOUCKE and A. A. ALEMI},
  booktitle={Conference on Artificial Intelligence {AAAI}},
  pages={4278--4284},
  year={2017}
}

@conference{coco,
  title={Microsoft COCO: Common Objects in Context},
  author={T. Y. LIN and M. MAIRE and S. BELONGIE and J. HAYS and P. PERONA and D. RAMANAN and P. DOLLAR and C. L. ZITNICK},
  booktitle={European Conference on Computer Vision {ECCV}},
  pages={740--755},
  year={2014}
}

@conference{deeplab-3,
  title={Encoder-Decoder with Atrous Separable Convolution for Semantic Image Segmentation},
  author={L. CHEN and Y. ZHU and G. PAPANDREOU and F. SCHROFF and H. ADAM},
  booktitle={European Conference on Computer Vision {ECCV}},
  pages={833--851},
  year={2018}
}

@conference{sad,
  title={Learning Lightweight Lane Detection CNNs by Self Attention Distillation},
  author={Y. HOU and Z. MA and C. LIU and C. LOY},
  booktitle={International Conference on Computer Vision {ICCV}},
  pages={1013--1021},
  year={2019}
}

@conference{cloud-detection-dl,
  title={Cloud Detection of Remote Sensing Images by Deep Learning},
  author={M. SHI and F. XIE and Y. ZI and J. YIN},
  booktitle={International Geoscience and Remote Sensing Symposium {IGARSS}},
  pages={701--704},
  year={2016}
}

@conference{gf,
  title={Guided Image Filtering},
  author={K. HE and J. SUN and X. TANG},
  booktitle={European Conference on Computer Vision {ECCV}},
  year={2010}
}

@article{rf,
  title={Random Forests},
  author={L. BREIMAN},
  journal={Machine Learning},
  volume={45},
  number={1},
  year={2001},
  pages={5--32},
  publisher={Springer}
}

@article{gs04,
  title={Efficient Graph-Based Image Segmentation},
  author={P. FELZENSZWALB and D. HUTTENLOCHER},
  journal={International Journal of Computer Vision},
  volume={59},
  number={2},
  year={2004},
  pages={167--181},
  publisher={Springer}
}

@article{multiphase-mumford-shah,
  title={A Multiphase Level Set Framework for Image Segmentation Using the Mumford and Shah Model},
  author={L. VESE and T. CHAN},
  journal={International Journal of Computer Vision},
  volume={50},
  number={3},
  year={2002},
  pages={271--293},
  publisher={Springer}
}

@article{visual-genome,
  title={Visual Genome: Connecting Language and Vision Using Crowdsourced Dense Image Annotations},
  author={R. KRISHNA and Y. ZHU and O. GROTH and J. JOHNSON and K. HATA and J. KRAVITZ and S. CHEN and Y. KALANTIDIS and L. LI and D. SHAMMA and M. BERNSTEIN and L. FEI},
  journal={Machine Learning},
  volume={45},
  number={1},
  year={2001},
  pages={5--32},
  publisher={Springer}
}

@article{review-st-fusion,
  title={Spatiotemporal Image Fusion in Remote Sensing},
  author={M. BELGIU and A. STEIN},
  journal={Remote Sensing},
  volume={11},
  number={7},
  year={2019},
  publisher={MDPI}
}

@article{landsat-l-band-sar,
  title={Combined Landsat and L-band SAR data Improves Land Cover Classification and Change Detection in Dynamic Tropical Landscapes},
  author={J. D. T. de ALBAN and G. M. CONNETTE and P. OSWALD and E. L. WEBB},
  journal={Remote Sensing},
  volume={10},
  number={2},
  year={2018},
  publisher={MDPI}
}

@article{car-detection-uav,
  title={Deep Learning Approach for Car Detection in UAV Imagery},
  author={N. AMMOUR and H. ALHICHRI and Y. BAZI and B. BENJDIRA and N. ALAJLAN and M. ZUAIR},
  journal={Remote Sensing},
  volume={9},
  number={4},
  year={2017},
  publisher={MDPI}
}

@article{cnn-3d-als-clouds,
  title={A Convolutional Neural Network-Based 3D Semantic Labeling Method for ALS Point Clouds},
  author={Z. YANG and W. JIANG and B. XU and Q. ZHU and S. JIANG and W. HUANG},
  journal={Remote Sensing},
  volume={9},
  number={9},
  year={2017},
  publisher={MDPI}
}

@article{perception-planning-vehicles,
  title={Perception, Planning, Control, and Coordination for Autonomous Vehicles},
  author={S. D. PENDLETON and H. ANDERSEN and X. DU and X. SHEN and M. MEGHJANI and Y. H. ENG and D. RUS and M. H. ANG},
  journal={Machines},
  volume={5},
  number={1},
  year={2017},
  publisher={MDPI}
}

@article{ml-medical-imaging,
  title={Machine Learning for Medical Imaging},
  author={B. J. ERICKSON and P. KORFIATIS and Z. AKKUS and T. L. KLINE},
  journal={Radiographics},
  volume={37},
  number={2},
  year={2017},
  pages={505--515},
  publisher={Radiological Society of North America Inc.}
}

@article{ml-solid-state-materials,
  title={Recent Advances and Applications of Machine Learning in Solid-State Materials Science},
  author={J. SCHMIDT and M. R. G. MARQUES and S. BOTTI and M. A. L. MARQUES},
  journal={Computational Materials},
  volume={5},
  number={1},
  year={2019},
  publisher={Nature Publishing Group}
}

@article{face-classification,
  title={Face Classification Using Electronic Synapses},
  author={P. YAO and H. WU and B. GAO and S. B. ERYILMAZ and X. HUANG and W. ZHANG and Q. ZHANG and N. DENG and L. SHI and H. WONG and H. QIAN},
  journal={Nature Communications},
  volume={8},
  year={2017},
  publisher={Nature Publishing Group}
}

@article{dl-dna-rna,
  title={Predicting the Sequence Specificities of DNA- and RNA-Binding Proteins by Deep Learning},
  author={B. ALIPANAHI and A. DELONG and M. T. WEIRAUCH and B. J. FREY},
  journal={Nature Biotechnology},
  volume={33},
  number={8},
  year={2015},
  publisher={Nature Publishing Group}
}

@article{soli,
  title={Soli: Ubiquitous Gesture Sensing with Millimeter Wave Radar},
  author={J. LIEN and N. GILLIAN and M. E. KARAGOZLER and P. AMIHOOD and C. SCHWESIG and E. OLSON and H. RAJA and I. POUPYREV},
  year={2016},
  publisher={Association for Computing Machinery},
  address={New York, NY, USA},
  volume={35},
  number={4},
  issn={0730-0301},
  url={https://doi.org/10.1145/2897824.2925953},
  doi={10.1145/2897824.2925953},
  journal={ACM Trans. Graph.},
  month=jul,
  articleno={142},
  numpages={19},
  keywords={interaction, sensors, gestures, radar, RF}
}

@article{crystal-structure-cnn,
  title={Classification of Crystal Structure Using a Convolutional Neural Network},
  author={W. B. PARK and J. CHUNG and J. JUNG and K. SOHN and S. SINGH and M. PYO and N. SHIN},
  journal={IUCrJ},
  year={2017},
  volume={4},
  pages={486--494},
  publisher={International Union of Crystallography}
}

@article{basset,
  title={Basset: Learning the Regulatory Code of the Accessible Genome with Deep Convolutional Neural Networks},
  author={D. R. KELLEY and J. SNOEK and J. L. RINN},
  journal={Genome Research},
  year={2016},
  volume={26},
  number={7},
  pages={990--999},
  publisher={Cold Spring Harbor Laboratory Press}
}

@article{ai-infection-biology,
  title={mSphere of Influence: The Rise of Artificial Intelligence in Infection Biology},
  author={A. YAKIMOVICH},
  journal={mSphere},
  year={2019},
  volume={4},
  number={3},
  pages={1--3},
  publisher={American Society for Microbiology}
}

@article{smartphone-photorefraction,
  title={Deep Learning-Based Prediction of Refractive Error Using Photorefraction Images Captured by a Smartphone: Model Development and Validation Study},
  author={J. CHUN and Y. KIM and K. SHIN and S. HAN and S. OH and T. CHUNG and K. PARK and D. LIM},
  journal={Journal of Medical Internet Research},
  year={2020},
  volume={22},
  number={5},
  publisher={Journal of Medical Internet Research}
}

@article{dl-galapagos-snake,
  title={Revealing the Unknown: Real-Time Recognition of Galapagos Snake Species Using Deep Learning},
  author={A. PATEL and L. CHEUNG and N. KHATOD and I. MATIJOSAITIENE and A. ARTEAGA and J. W. GILKEY},
  journal={Animals},
  volume={10},
  number={5},
  year={2020},
  publisher={MDPI}
}

@article{rainfall-runoff-lstm,
  title={Rainfall-Runoff Modelling Using Long Short-Term Memory (LSTM) networks},
  author={F. KRATZERT and D. KLOTZ and C. BRENNER and K. SCHULZ and M. HERRNEGGER},
  journal={Hydrology and Earth System Sciences},
  volume={22},
  number={11},
  year={2018},
  pages={6005--6022},
  publisher={Copernicus GmbH}
}

@article{hess-opinions,
  title={HESS Opinions: Incubating Deep-Learning-Powered Hydrologic Science Advances as a Community},
  author={C. SHEN and E. LALOY and A. ELSHORBAGY and A. ALBERT and J. BALES and F. CHANG and S. GANGULY and K. HSU and D. KIFER and Z. FANG and K. FANG and D. LI and X. LI and W. TSAI},
  journal={Hydrology and Earth System Sciences},
  volume={22},
  number={11},
  year={2018},
  pages={5639--5656},
  publisher={Copernicus GmbH}
}

@article{limb-rehabilitation,
  title={Development and Clinical Evaluation of a Web-Based Upper Limb Home Rehabilitation System Using a Smartwatch and Machine Learning Model for Chronic Stroke Survivors: Prospective Comparative Study},
  author={S. H. CHAE and Y. KIM and K. LEE and H. PARK},
  journal={JMIR mHealth and uHealth},
  volume={8},
  number={7},
  year={2020},
  publisher={NLM}
}

@article{multimessenger-astrophysics,
  title={Deep Neural Networks to Enable Real-Time Multimessenger Astrophysics},
  author={D. GEORGE and E. A. HUERTA},
  journal={Physical Review D},
  volume={97},
  number={4},
  year={2018},
  publisher={American Physical Society}
}

@article{parton-shower-uncertainties,
  title={Parton Shower Uncertainties in Jet Substructure Analyses with Deep Neural Networks},
  author={J. BARNARD and E. N. DAWE and M. J. DOLAN and N. RAJCIC},
  journal={Physical Review D},
  volume={95},
  number={1},
  year={2017},
  publisher={American Physical Society}
}

@article{social-media-open-space,
  title={Temporary Design on Public Open Space for Improving the Pedestrian's Perception Using Social Media Images in Winter Cities},
  author={A. A. PAUKAEVA and T. SETOGUCHI and N. WATANABE and V. I. LUCHKOVA},
  journal={Sustainability},
  volume={12},
  number={15},
  year={2020},
  publisher={MDPI}
}

@article{dl-age-estimation,
  title={Age Estimation Robust to Optical and Motion Blurring by Deep Residual CNN},
  author={J. S. KANG and C. S. KIM and Y. W. LEE and S. W. CHO and K. R. PARK},
  journal={Remote Sensing},
  volume={10},
  number={4},
  year={2018},
  publisher={MDPI}
}

@article{ground-based-hs-cnn,
  title={Pixel-Wise Classification of High-Resolution Ground-Based Urban Hyperspectral Images with Convolutional Neural Networks},
  author={F. QAMAR and G. DOBBLER},
  journal={Remote Sensing},
  volume={12},
  number={16},
  year={2020},
  publisher={MDPI}
}

@article{clc-nomenclature,
  title={Updated CLC Illustrated Nomenclature Guidelines},
  author={B. KOSZTRA and G. B{\"U}TTNER and G. HAZEU and S. ARNOLD},
  journal={European Environment Agency: Wien, Austria},
  pages={1--124},
  year={2017}
}

@article{graph-cnn-chemical-reactivity,
  title={A Graph-Convolutional Neural Network Model for the Prediction of Chemical Reactivity},
  author={C. W. COLEY and W. JIN and L. ROGERS and T. F. JAMISON and T. S. JAAKKOLA and W. H. GREEN and R. BARZILAY and K. F. JENSEN},
  journal={Chemical Science},
  volume={10},
  number={2},
  pages={370--377},
  year={2019},
  publisher={Royal Society of Chemistry}
}

@article{opportunities-biology-medicine,
  title={Opportunities and Obstacles for Deep Learning in Biology and Medicine},
  author={T. CHING and D. S. HIMMELSTEIN and B. K. BEAULIEU-JONES and A. A. KALININ and B. T. DO and G. P. WAY and E. FERRERO and P. M. AGAPOW and M. ZIETZ and M. M. HOFFMAN and W. XIE},
  journal={Journal of the Royal Society Interface},
  volume={15},
  number={141},
  year={2018},
  publisher={Royal Society Publishing}
}

@article{gated-cnn-rs,
  title={Learnable Gated Convolutional Neural Network for Semantic Segmentation in Remote-Sensing Images},
  author={S. GUO and Q. JIN and H. WANG and X. WANG and Y. WANG and S. XIANG},
  journal={Remote Sensing},
  volume={11},
  number={16},
  year={2019},
  publisher={MDPI}
}

@article{polarized-sar-cnn,
  title={Dual and Single Polarized SAR Image Classification Using Compact Convolutional Neural Networks},
  author={M. AHISHALI and S. KIRANYAZ and T. INCE and M. GABBOUJ},
  journal={Remote Sensing},
  volume={11},
  number={11},
  year={2019},
  publisher={MDPI}
}


@article{ground-measurement-forest,
  title={Development and Testing of a New Ground Measurement Tool to Assist in Forest GIS Surveys},
  author={G. FAN and F. CHEN and Y. LI and B. LIU and X. FAN},
  journal={Forests},
  volume={10},
  number={8},
  year={2019},
  publisher={MDPI}
}

@article{urban-green-unsupervised-aerial,
  title={Assessing Alternative Methods for Unsupervised Segmentation of Urban Vegetation in Very High-Resolution Multispectral Aerial Imagery},
  author={A. LASSITER and M. DARBARI},
  journal={Plos One},
  volume={15},
  number={5},
  year={2020},
  publisher={Public Library Science, San Francisco}
}

@article{optical-coherence-tomography,
  title={A Deep Learning Approach to Predict Visual Field Using Optical Coherence Tomography},
  author={K. PARK and J. KIM and J. LEE},
  journal={Plos One},
  volume={15},
  number={7},
  year={2020},
  publisher={Public Library Science, San Francisco}
}

@article{k-means,
  title={Least-Squares Quantization in PCM},
  author={S. P. LLOYD},
  journal={IEEE Transactions on Information Theory},
  volume={28},
  number={2},
  pages={129--137},
  year={1982},
  publisher={Institute of Electrical and Electronics Engineers Inc.}
}

@article{mean-shift,
  title={Mean Shift: A Robust Approach Toward Feature Space Ananlysis},
  author={D. COMANCIU and P. MEER},
  journal={IEEE Transactions on Information Theory},
  volume={24},
  number={5},
  pages={603--619},
  year={2002},
  publisher={Institute of Electrical and Electronics Engineers Inc.}
}

@article{review-st-fusion-multisource,
  title={Spatiotemporal Fusion of Multisource Remote Sensing Data: Literature Survey, Taxonomy, Principles, Applications, and Future Directions},
  author={X. ZHU and F. CAI and J. TIAN and T. K. A. WILLIAMS},
  journal={Remote Sensing},
  volume={10},
  number={4},
  year={2018},
  publisher={MDPI}
}

@article{dl-vegetation,
  title={Vegetation Detection Using Deep Learning and Conventional Methods},
  author={B. AYHAN and C. KWAN and B. BUDAVARI and L. KWAN and Y. LU and D. PEREZ and J. LI and D. SKARLATOS and M. VLACHOS},
  journal={Remote Sensing},
  volume={12},
  number={15},
  year={2020},
  publisher={MDPI}
}

@article{tibet-ice-ml,
  title={Vegetation-Ice-Bare Land Cover Conversion in the Oceanic Glacial Region of Tibet Based on Multiple Machine Learning Classifications},
  author={F. YANG and Y. LIU and L. XU and K. LI and P. HU and J. CHEN},
  journal={Remote Sensing},
  volume={12},
  number={6},
  year={2020},
  publisher={MDPI}
}

@article{review-dl-lulc,
  title={Deep Learning for Land Use and Land Cover Classification Based on Hyperspectral and Multispectral Earth Observation Data: A Review},
  author={A. VALI and S. COMAI and M. MATTEUCUCCI},
  journal={Remote Sensing},
  volume={12},
  number={15},
  year={2020},
  publisher={MDPI}
}

@article{cascaded-cnn-trees,
  title={Progressive Cascaded Convolutional Neural Networks for Single Tree Detection with Google Earth Imagery},
  author={T. DONG and Y. SHEN and J. ZHANG and Y. YANG and J. FAN},
  journal={Remote Sensing},
  volume={11},
  number={15},
  year={2019},
  publisher={MDPI}
}

@article{cnn-satellite-orthoimagery,
  title={Classification and Segmentation of Satellite Orthoimagery Using Convolutional Neural Networks},
  author={M. LANGKVIST and A. KISELEV and M. ALIREZAIE and A. LOUTFI},
  journal={Remote Sensing},
  volume={8},
  number={4},
  year={2016},
  publisher={MDPI}
}

@article{survey-dl-super-resolution,
  title={Deep Learning Based Single Image Super-resolution: A Survey},
  author={V. HA and J. REN and X. XU and S. ZHAO and G. XIE and V. MASERO and A. HUSSAIN},
  journal={International Journal of Automation and Computing},
  volume={16},
  number={4},
  pages={413--426},
  year={2019},
  publisher={Chinese Academy of Sciences}
}

@article{review-dl-eo,
  title={Object Detection and Image Segmentation with Deep Learning on Earth Observation Data: A Review-Part I: Evolution and Recent Trends},
  author={T. HOESER and C. KUENZER},
  journal={Remote Sensing},
  volume={12},
  number={10},
  year={2020},
  publisher={MDPI}
}

@article{review-dl-wetlands,
  title={Review and Evaluation of Deep Learning Architectures for Efficient Land Cover Mapping with UAS Hyper-Spatial Imagery: A Case Study Over a Wetland},
  author={M. PASHAEI and H. KAMANGIR and M. J. STAREK and P. TISSOT},
  journal={Remote Sensing},
  volume={12},
  number={6},
  year={2020},
  publisher={MDPI}
}

@article{review-ml-energy,
  title={State of the Art of Machine Learning Models in Energy Systems, a Systematic Review},
  author={A. MOSAVI and M. SALIMI and S. F. ARDABILI and T. RABCZUK and S. SHAMSHIRBAND and A. R. VARKONYI-KOCZY},
  journal={Energies},
  volume={12},
  number={7},
  year={2019},
  publisher={MDPI}
}

@article{review-dl-road-extraction,
  title={Deep Learning Approaches Applied to Remote Sensing Datasets for Road Extraction: A State-Of-The-Art Review},
  author={A. ABDOLLAHI and B. PRADHAN and N. SHUKIA and S. CHAKRABORTY and A. ALAMRI},
  journal={Remote Sensing},
  volume={12},
  number={9},
  year={2020},
  publisher={MDPI}
}

@article{geobia,
  title={Geographic Object-Based Image Analysis: A Primer and Future Directions},
  author={M. KUCHARCZYK and G. J. HAY and S. GHAFFARIAN and C. H. HUGENHOLTZ},
  journal={Remote Sensing},
  volume={12},
  number={12},
  year={2020},
  publisher={MDPI}
}

@article{dl-vs-obia-ziziphus-lotus,
  title={Deep-Learning Versus OBIA for Scattered Shrub Detection with Google Earth Imagery: Ziziphus Lotus as Case Study},
  author={E. GUIRADO and S. TABIK and D. ALCARAZ-SEGURA and J. CABELLO and F. HERRERA},
  journal={Remote Sensing},
  volume={9},
  number={12},
  year={2017},
  publisher={MDPI}
}

@article{review-ml-in-rs,
  title={Implementation of Machine-Learning Classification in Remote Sensing: An Applied Review},
  author={A. E. MAXWELL and T. A. WARNER and F. FANG},
  journal={International Journal of Remote Sensing},
  volume={39},
  number={9},
  year={2018},
  pages={2784--2817},
  publisher={Taylor and Francis Ltd.}
}

@article{neuromorphic-computing,
  title={Neuromorphic Computing Using Non-Volatile Memory},
  author={H. W. BURR and R. M. SHELBY and A. SEBASTIAN and S. KIM and S. SIDLER and K. VIRWANI and M. ISHII and P. NARAYANAN and L. L. SANCHES},
  journal={Advances in Physics: X},
  volume={2},
  number={1},
  year={2017},
  pages={89--124},
  publisher={Taylor and Francis Ltd.}
}

@article{cnn-hs,
  title={Deep Convolutional Neural Networks for Hyperspectral Image Classification},
  author={W. HU and Y. HUANG and L. WEI and F. ZHANG and H. LI},
  journal={Journal of Sensors},
  volume={2015},
  year={2015},
  publisher={Hindawi Publishing Corporation}
}

@article{cnn-hs-unsupervised-fuzzy,
  title={Hyperspectral Image Classification Using an Unsupervised Neuro-Fuzzy System},
  author={C. ZHANG and F. QIU},
  journal={Journal of Applied Remote Sensing},
  volume={6},
  year={2012},
  publisher={SPIE-SOC Photo-Optical Instrumentation Engineers}
}

@article{survey-dl-remote-sensing,
  title={Comprehensive Survey of Deep Learning in Remote Sensing: Theories, Tools, and Challenges for the Community},
  author={J. E. BALL and D. T. ANDERSON and C. S. CHAN},
  journal={Journal of Applied Remote Sensing},
  volume={11},
  year={2017},
  publisher={SPIE-SOC Photo-Optical Instrumentation Engineers}
}

@article{lc-2-0,
  title={Land Cover 2.0},
  author={M. A. WULDER and N. C. COOPS and D. P. ROY and J. C. WHITE and T. HERMOSILLA},
  journal={International Journal of Remote Sensing},
  volume={38},
  number={12},
  year={2018},
  pages={4254--4284},
  publisher={Taylor and Francis Ltd.}
}

@article{rrpn,
  title={Arbitrary-Oriented Scene Text Detection via Rotation Proposals},
  author={J. Q. MA and W. Y. SHAO and H. YE and L. WANG and H. WANG and Y. ZHENG and X. XUE},
  journal={IEEE Transactions on Multimedia},
  volume={20},
  number={11},
  year={2018},
  pages={3111--3122},
  publisher={IEEE}
}

@article{tsvm,
  title={A Novel Transductive SVM for Semisupervised Classification of Remote-Sensing Images},
  author={L. BRUZZONE and M. CHI and M. MARCONCINI},
  journal={IEEE Transactions on Geoscience and Remote Sensing},
  volume={44},
  number={11},
  year={2006},
  pages={3363--3372},
  publisher={IEEE}
}

@article{cloud-detection-progressive-refinement,
  title={Cloud Detection of RGB Color Aerial Photographs by Progressive Refinement Scheme},
  author={Q. ZHANG and C. XIAO},
  journal={IEEE Transactions on Geoscience and Remote Sensing},
  volume={52},
  number={11},
  year={2014},
  pages={7264--7275},
  publisher={IEEE}
}

@article{mf-cnn,
  title={Cloud Detection in Remote Sensing Images Based on Multiscale Features-Convolutional Neural Network},
  author={Z. SHAO and Y. PAN and C. DIAO and J. CAI},
  journal={IEEE Transactions on Geoscience and Remote Sensing},
  volume={57},
  number={6},
  year={2019},
  pages={4062--4076},
  publisher={IEEE}
}

@article{cdnet,
  title={CDnet: CNN-Based Cloud Detection for Remote Sensing Imagery},
  author={J. YANG and J. GUO and H. YUE and Z. LIU and H. HU and K. LI},
  journal={IEEE Transactions on Geoscience and Remote Sensing},
  volume={57},
  number={8},
  year={2019},
  pages={6195--6211},
  publisher={IEEE}
}

@article{rbf-kernel,
  title={A Technique for the Selection of Kernel-Function Parameters in RBF Neural Networks for Classification of Remote-Sensing Images},
  author={L. BRUZZONE and D. F. PRIETO},
  journal={IEEE Transactions on Geoscience and Remote Sensing},
  volume={37},
  number={2},
  year={1999},
  pages={1179--1184},
  publisher={IEEE}
}

@article{cnn-ppf,
  title={Hyperspectral Image Classification Using Deep Pixel-Pair Features},
  author={W. LI and G. WU and F. ZHANG and Q. DU},
  journal={IEEE Transactions on Geoscience and Remote Sensing},
  volume={55},
  number={2},
  year={2017},
  pages={844--853},
  publisher={IEEE}
}

@article{lapsvm,
  title={Semisupervised Image Classification with Laplacian Support Vector Machines},
  author={L. GÓMEZ-CHOVA and G. CAMPS-VALLS and J. MUÑOZ-MARI and J. CALPE},
  journal={IEEE Geoscience and Remote Sensing Letters},
  volume={5},
  number={3},
  year={2008},
  pages={336--340},
  publisher={IEEE}
}

@article{cloud-snow-cnn,
  title={Distinguishing Cloud and Snow in Satellite Images via Deep Convolutional Network},
  author={Y. ZHAN and J. WANG and J. SHI and G. CHENG and L. YAO and W. SUN},
  journal={IEEE Geoscience and Remote Sensing Letters},
  volume={14},
  number={10},
  year={2017},
  pages={1785--1789},
  publisher={IEEE}
}

@article{mffsnet,
  title={Cloud and Cloud Shadow Detection Using Multilevel Feature Fused Segmentation Network},
  author={Z. YAN and M. YAN and H. SUN and K. FU and J. HONG and J. SUN and Y. ZHANG and X. SUN},
  journal={IEEE Geoscience and Remote Sensing Letters},
  volume={15},
  number={10},
  year={2018},
  pages={1600--1604},
  publisher={IEEE}
}

@article{review-dl-rs-2017,
  title={Deep Learning in Remote Sensing: A Comprehensive Review and List of Resources},
  author={X. ZHU and D. TUIA and L. MOU and G. XIA and L. ZHANG and F. XU and F. FRAUNDORFER},
  journal={IEEE Geoscience and Remote Sensing Letters},
  volume={5},
  number={3},
  year={2008},
  pages={336--340},
  publisher={IEEE}
}

@article{ss-lapsvm,
  title={Semi-Supervised Hyperspectral Image Classification Using Spatio-Spectral Laplacian Support Vector Machine},
  author={L. YANG and S. YANG and P. JIN and R. ZHANG},
  journal={IEEE Geoscience and Remote Sensing Letters},
  volume={11},
  number={3},
  year={2013},
  pages={651--655},
  publisher={IEEE}
}

@article{review-bd-disaster,
  title={Big Data in Natural Disaster Management: A Review},
  author={M. YU and C. LANG and Y. LI},
  journal={Geosciences},
  volume={8},
  number={5},
  year={2018},
  publisher={MDPI}
}

@article{review-dl-rs,
  title={Deep Learning for Remote Sensing Image Classification: A Survey},
  author={Y. LI and H. ZHANG and X. XUE and Y. JIANG and Q. SHEN},
  journal={Wiley Interdisciplinary Reviews: Data Mining and Knowledge Discovery},
  volume={8},
  number={6},
  year={2018},
  publisher={Wiley-Blackwell}
}

@article{bike-sharing-destination,
  title={A Destination Prediction Network Based on Spatiotemporal Data for Bike-Sharing},
  author={J. JIANG and F. LIN and J. FAN and H. LV and J. WU},
  journal={Complexity},
  year={2019},
  publisher={Wiley-Hindawi}
}

@article{semi-supervised-hyperspectral,
  title={Semi-Supervised Deep Learning Using Pseudo Labels for Hyperspectral Image Classification},
  author={H. WU and S. PRASAD},
  journal={IEEE Transactions on Image Processing},
  volume={27},
  number={3},
  year={2018},
  pages={1259--1270},
  publisher={Institute of Electrical and Electronics Engineers Inc.}
}

@article{chan-vese,
  title={Active Contours Without Edges},
  author={T. CHAN and L. VESE},
  journal={IEEE Transactions on Image Processing},
  volume={10},
  number={2},
  year={2018},
  pages={266--277},
  publisher={Institute of Electrical and Electronics Engineers Inc.}
}

@article{ieee-grss-2018,
  title={Advanced Multi-Sensor Optical Remote Sensing for Urban Land Use and Land Cover Classification: Outcome of the 2018 IEEE GRSS Data Fusion Contest},
  author={Y. XU and B. DU and L. ZHANG and D. CERRA and M. PATO and E. CARMONA and S. PRASAD and N. YOKOYA and R. HANSCH and B. le SAUX},
  journal={IEEE Journal of Selected Topics in Applied Earth Observations and Remote Sensing},
  volume={12},
  number={6},
  year={2019},
  pages={1709--1724},
  publisher={Institute of Electrical and Electronics Engineers Inc.}
}

@article{cloud-detection-scene-learning,
  title={Scene Learning for Cloud Detection on Remote-Sensing Images},
  author={Z. AN and Z. SHI},
  journal={IEEE Journal of Selected Topics in Applied Earth Observations and Remote Sensing},
  volume={8},
  number={8},
  year={2015},
  pages={4206--4222},
  publisher={Institute of Electrical and Electronics Engineers Inc.}
}

@article{multilevel-cloud-cnn-slic,
  title={Multilevel Cloud Detection in Remote Sensing Images Based on Deep Learning},
  author={F. XIE and M. SHI and Z. SHI and J. YIN and D. ZHAO},
  journal={IEEE Journal of Selected Topics in Applied Earth Observations and Remote Sensing},
  volume={10},
  number={8},
  year={2017},
  pages={3631--3640},
  publisher={Institute of Electrical and Electronics Engineers Inc.}
}

@article{cd-cnn,
  title={Going Deeper With Contextual CNN for Hyperspectral Image Classification},
  author={H. LEE and H. KWON},
  journal={IEEE Transactions on Image Processing},
  volume={26},
  number={10},
  year={2018},
  pages={4843--4855},
  publisher={Institute of Electrical and Electronics Engineers Inc.}
}

@article{modified-faster-rcnn-small-objects,
  title={Small Object Detection in Optical Remote Sensing Images via Modified Faster R-CNN},
  author={Y. REN and C. ZHU and S. XIAO},
  journal={Applied Sciences},
  volume={8},
  number={5},
  year={2018},
  publisher={MDPI}
}

@article{review-crowd-monitoring,
  title={Crowd Monitoring and Localization Using Deep Convolutional Neural Network: A Review},
  author={A. KHAN and J. A. SHAH and K. KADIR and W. ALBATTAH and F. KHAN},
  journal={Applied Sciences},
  volume={10},
  number={14},
  year={2020},
  publisher={MDPI}
}

@article{robust-parking-surveillance,
  title={Robust Parking Block Segmentation from a Surveillance Camera Perspective},
  author={N. HURST-TARRAB and L. CHANG and M. GONZALEZ-MENDOZA and N. HERNANDEZ-GRESS},
  journal={Applied Sciences},
  volume={10},
  number={15},
  year={2020},
  publisher={MDPI}
}

@article{hs-multi-scale-resnet,
  title={Hyperspectral Image Classification Based on Spectral and Spatial Information Using Multi-Scale ResNet},
  author={Z. WANG and Q. XIA and J. YAN and S. XUAN and J. SU and C. YANG},
  journal={Applied Sciences},
  volume={9},
  number={22},
  year={2019},
  publisher={MDPI}
}

@article{label-prop,
  title={Learning from Labeled and Unlabeled Data with Label Propagation},
  author={X. ZHU and Z. GHAHRAMANI},
  journal={Technical Report Carnegie Mellon University},
  year={2002},
  publisher={Carnegie Mellon University}
}

@article{sda,
  title={Stacked Denoising Autoencoders: Learning Useful Representations in a Deep Network with a Local Denoising Criterion},
  author={P. VINCENT and H. LAROCHELLE and I. LAJOIE and Y. BENGIO and P. A. MANZAGOL},
  journal={Journal of Mahine Learning Research},
  volume={11},
  year={2010},
  pages={3371--3408},
  publisher={Carnegie Mellon University}
}

@article{ir-image-fusion,
  title={Infrared and Visible Image Fusion Methods and Applications: A Survey},
  author={J. MA and Z. MA and C. LI},
  journal={Information Fusion},
  volume={45},
  year={2019},
  pages={153--178},
  publisher={Elsevier}
}

@article{ecg-heartbeat,
  title={ECG-Based Heartbeat Classification for Arrythmia Detection: A Survey},
  author={E. J. D. S. LUZ and W. R. SHWARTZ and G. CÁMARA-CHÁVEZ and D. MENOTTI},
  journal={Computer Methods and Programs in Biomedicine},
  volume={127},
  year={2016},
  pages={144--164},
  publisher={Elsevier}
}

@article{dl-water-leak,
  title={Augmenting a Deep-Learning Algorithm with Canal Inspection Knowledge for Reliable Water Leak Detection from Multispectral Satellite Images},
  author={J. CHEN and P. TANG and T. RAKSTAD and M. PATRICK and X. ZHOU},
  journal={Advanced Engineering Informatics},
  volume={46},
  year={2020},
  publisher={Elsevier}
}

@article{ml-biology-medicine,
  title={Machine Learning for Integrating Data in Biology and Medicine: Principles, Practice, and Opportunities},
  author={M. ZITNIK and F. NGUYEN and B. WANG and J. LESKOVEC and A. GOLDENBERG and M. M. HOFFMAN},
  journal={Information Fusion},
  volume={50},
  year={2019},
  pages={71--91},
  publisher={Elsevier}
}

@article{dl-street-view-green-blue,
  title={Using Deep Learning to Examine Street View Green and Blue Spaces and Their Associations with Geriatric Depression in Beijing, China},
  author={M. HELBICH and Y. YAO and Y. LIU and J. ZHANG and P. LIU and R. WANG},
  journal={Environment International},
  volume={126},
  year={2019},
  pages={107--117},
  publisher={Elsevier}
}

@article{dl-gravitational-wave-ligo,
  title={Deep Learning for Real-Time Gravitational Wave Detection and Parameter Estimation: Results with Advanced LIGO data},
  author={D. GEORGE and E. A. HUERTA},
  journal={Physics Letters, Section B: Nuclear, Elementary Particle and High-Energy Physics},
  volume={778},
  year={2018},
  pages={64--70},
  publisher={Elsevier}
}

@article{bio-inspired-computation,
  title={Bio-Inspired Computation: Where We Stand and What's Next},
  author={J. del SER and E. OSABA and D. MOLINA and X. YANG and S. SALCEDO-SANZ and D. CAMACHO and S. DAS and P. N. SUGANTHAN and C. A. COELLO COELLO and F. HERRERA},
  journal={Swarm and Evolutionary Computation},
  volume={48},
  year={2019},
  pages={220--250},
  publisher={Elsevier}
}

@article{dl-medical-fusion-mri,
  title={An Overview of Deep Learning in Medical Imaging Focusing on MRI},
  author={A. S. LUNDERVOLD and A. LUNDERVOLD},
  journal={Zeitschrift fur Medizinische Physik},
  volume={29},
  number={2},
  year={2019},
  pages={102--127},
  publisher={Elsevier}
}

@article{segnet,
  title={SegNet: A Deep Convolutional Encoder-Decoder Architecture for Image Segmentation},
  author={V. BADRINARAYANAN and A. KENDALL and R. CIPOLLA},
  journal={IEEE Transactions on Pattern Analysis and Machine Intelligence},
  volume={39},
  number={12},
  year={2017},
  pages={2481--2495},
  publisher={IEEE}
}

@article{slic,
  title={SLIC Superpixels Compared to State-of-the-Art Superpixel Methods},
  author={R. ACHANTA and A. SHAJI and K. SMITH and A. LUCCHI and P. FUA and S. SUSSTRUNK},
  journal={IEEE Transactions on Pattern Analysis and Machine Intelligence},
  volume={34},
  number={11},
  year={2012},
  pages={2274--2281},
  publisher={IEEE}
}

@article{dbi,
  title={A Cluster Separation Measure},
  author={D. L. DAVIES and D. W. BOULDIN},
  journal={IEEE Transactions on Pattern Analysis and Machine Intelligence},
  volume={1},
  number={2},
  year={1979},
  pages={224--227},
  publisher={IEEE}
}

@article{text-detection-imagery,
  title={Text Detection and Recognition in Imagery: A Survey},
  author={Q. YE and D. DOERMANN},
  journal={IEEE Transactions on Pattern Analysis and Machine Intelligence},
  volume={37},
  number={7},
  year={2015},
  pages={1480--1500},
  publisher={IEEE}
}

@article{relu,
  title={Visual Feature Extraction by a Multilayered Network of Analog Threshold Elements},
  author={K. FUKUSHIMA},
  journal={IEEE Transactions on Systems Science and Cybernetics},
  volume={5},
  number={4},
  year={1969},
  publisher={IEEE}
}

@article{hierarchical-labeling,
  title={Learning Hierarchical Features for Scene Labeling},
  author={C. FARABET and C. COUPRIE and L. NAJMAN and Y. LECUN},
  journal={IEEE Transactions on Pattern Analysis and Machine Intelligence},
  volume={35},
  number={8},
  year={2013},
  pages={1915--1929},
  publisher={IEEE}
}

@article{cv-animal-ecology,
  title={A Computer Vision for Animal Ecology},
  author={B. G. WEINSTEIN},
  journal={Journal of Animal Ecology},
  volume={87},
  number={3},
  year={2018},
  pages={533--545},
  publisher={Blackwell Publishing Ltd.}
}

@article{dl-computational-biology,
  title={Deep Learning for Computational Biology},
  author={C. ANGERMUELLER and T. PÄRNARMAA and L. PARTS and O. STEGLE},
  journal={Moleular Systems Biology},
  volume={12},
  number={7},
  year={2016},
  publisher={Blackwell Publishing Ltd.}
}

@article{review-vessel-detection,
  title={Vessel Detection and Classification from Spaceborne Optical Images: A Literature Survey},
  author={U. KANJIR and H. GREIDANUS and K. OŠTIR},
  journal={Remote Sensing of Environment},
  volume={207},
  year={2018},
  pages={1--26},
  publisher={Elsevier Inc.}
}

@article{gf-1-cloud-dataset,
  title={Multi-Feature Combined Cloud and Cloud Shadow Detection in GaoFen-1 Wide Field of View Imagery},
  author={Z. LI and H. SHEN and H. LI and G. XIA},
  journal={Remote Sensing of Environment},
  volume={191},
  year={2017},
  pages={342--358},
  publisher={Elsevier Inc.}
}

@article{fmask,
  title={Object-Based Cloud and Cloud Shadow Detection in Landsat Imagery},
  author={Z. ZHU and C. WOODCOCK},
  journal={Remote Sensing of Environment},
  volume={118},
  year={2012},
  pages={83--94},
  publisher={Elsevier Inc.}
}

@article{cloud-detection-cnn-landsat,
  title={Cloud and Cloud Shadow Detection in Landsat Imagery Based on Deep Convolutional Neural Networks},
  author={D. CHAI and S. NEWSAM and H. ZHANG and Y. QIU and J. HUANG},
  journal={Remote Sensing of Environment},
  volume={225},
  year={2019},
  pages={307--316},
  publisher={Elsevier Inc.}
}

@article{biome,
  title={Cloud Detection Algorithm Comparison and Validation for Operational Landsat Data Products},
  author={S. FOGA and P. SCARAMUZZA and S. GUO and Z. ZHU and R. Dilley and T. Beckmann and G. SCHMIDT and J. DWYER and M. HUGHES and B. LAUE},
  journal={Remote Sensing of Environment},
  volume={194},
  year={2017},
  pages={379--390},
  publisher={Elsevier Inc.}
}

@article{review-ann-plant-disease,
  title={A Review of Neural Networks in Plant Disease Detection Using Hyperspectral Data},
  author={K. GOLHANI and S. K. BALASUNDRAM and G. VADAMALAI and B. PRADHAN},
  journal={Information Processing in Agriculture},
  volume={5},
  number={3},
  year={2018},
  pages={354--371},
  publisher={China Agricultural University}
}

@article{rp-faster-rcnn,
  title={An Efficient and Robust Integrated Geospatial Object Detection Framework for High Spatial Resolution Remote Sensing Imagery},
  author={X. HAN and Y. ZHONG and L. ZHANG},
  journal={Remote Sensing},
  volume={9},
  number={7},
  year={2017},
  publisher={MDPI}
}

@article{building-extraction-vhr,
  title={Building Extraction in Very High Resolution Remote Sensing Imagery Using Deep Learning and Guided Filters},
  author={X. HAN and Y. ZHONG and L. ZHANG},
  journal={Remote Sensing},
  volume={9},
  number={7},
  year={2017},
  publisher={MDPI}
}

@article{knn,
  title={An Introduction to Kernel and Nearest-Neighbor Nonparametric Regression},
  author={N. S. ALTMAN},
  journal={The American Statistician},
  volume={46},
  number={3},
  year={1992},
  pages={175--185},
  publisher={Taylor & Francis Ltd.}
}

@article{review-dl-hs-rs-bio,
  title={Deep Learning Meets Hyperspectral Image Analysis: A Multidisciplinary Review},
  author={A. SIGNORONI and M. SAVARDI and A. BARONIO and S. BENINI},
  journal={Journal of Imaging},
  volume={5},
  number={5},
  year={2019},
  publisher={MDPI}
}

@article{review-water-dl,
  title={A Transdisciplinary Review of Deep Learning Research and Its Relevance for Water Resources Scientists},
  author={C. SHEN},
  journal={Water Resources Research},
  volume={54},
  number={11},
  year={2018},
  pages={8558--8593},
  publisher={Blackwell Publishing Ltd.}
}

@article{review-text-class,
  title={Text Classification Algorithms: A Survey},
  author={K. KOWSARI},
  journal={Information},
  volume={10},
  number={4},
  year={2019},
  publisher={MDPI}
}

@article{review-plant-stress,
  title={Deep Learning for Plant Stress Phenotyping: Trends and Future Perspectives},
  author={A. K. SINGH and B. GANAPATHYSUBRAMANIAN and S. SARKAR and A. SINGH},
  journal={Trends in Plant Science},
  volume={23},
  number={10},
  year={2018},
  pages={883--898},
  publisher={Elsevier Ltd.}
}

@article{ml-cv-phenotyping,
  title={Computer Vision-Based Phenotyping for Improvement of Plant Productivity: A Machine Learning Perspective},
  author={K. MOCHIDA and S. KODA and K. INOUE and T. HIRAYAMA and S. TANAKA and R. NISHII and F. MELGANI},
  journal={GigaScience},
  volume={8},
  number={1},
  year={2018},
  pages={1--12},
  publisher={Oxford University Press}
}

@article{review-oil-spill,
  title={A Review of Oil Spill Remote Sensing},
  author={M. FINGAS and C. E. BROWN},
  journal={Sensors},
  volume={18},
  number={1},
  year={2018},
  publisher={MDPI}
}

@article{dl-fault-diagnosis,
  title={A New Deep Learning Model for Fault DIAGNOSIS with GOOD Anti-Noise Domain Adaptation Ability on Raw Vibration Signals},
  author={W. ZHANG and G. PENG and C. LI and Y. CHEN and Z. ZHANG},
  journal={Sensors},
  volume={17},
  number={2},
  year={2017},
  publisher={MDPI}
}

@article{lstm-activity,
  title={Deep Convolutional and LSTM Recurrent Neural Networks for Multimodal Wearable Activity Recognition},
  author={F. J. ORDÓNEZ and D. ROGGEN},
  journal={Sensors},
  volume={16},
  number={1},
  year={2016},
  publisher={MDPI}
}

@article{hybrid-vehicle-viola-jones,
  title={A Hybrid Vehicle Detection Method Based on Viola-Jones and HOG + SVM from UAV Images},
  author={Y. XU and G. YU and Y. WANG and X. WU and Y. MA},
  journal={Sensors},
  volume={16},
  number={8},
  year={2016},
  publisher={MDPI}
}

@article{spatiotemporal-rcnn-traffic,
  title={Spatiotemporal Recurrent Convolutional Networks for Traffic Prediction in Transportation Networks},
  author={H. YU and Z. WU and S. WANG and Y. WANG and X. MA},
  journal={Sensors},
  volume={17},
  number={7},
  year={2017},
  publisher={MDPI}
}

@article{cnn-traffic,
  title={Learning Traffic as Images: A deep Convolutional Neural Network for Large-Scale Transportation Network Speed Prediction},
  author={X. MA and Z. DAI and Z. HE and J. MA and Y. WANG and Y. WANG},
  journal={Sensors},
  volume={17},
  number={4},
  year={2017},
  publisher={MDPI}
}

@article{w-net-lc,
  title={Integration of Sentinel-1 and Sentinel-2 Data for Land Cover Mapping Using W-Net},
  author={M. GARGIULO and D. A. G. DELL'AGLIO and A. IODICE and D. RICCIO and G. RUELLO},
  journal={Sensors},
  volume={20},
  number={10},
  year={2020},
  publisher={MDPI}
}

@article{deep-binary-vehicle,
  title={Deep Binary Classification via Multi-Resolution Network and Stochastic Orthogonality for Subcompact Vehicle Recognition},
  author={J. SHIN and B. KOO and Y. KIM and J. PAIK},
  journal={Sensors},
  volume={20},
  number={9},
  year={2020},
  publisher={MDPI}
}

@article{cnn-parking-occupacy,
  title={Generalized Parking Occupancy Analysis Based on Dilated Convolutional Neural Network},
  author={S. NURULLAYEV and S. W. LEE},
  journal={Sensors},
  volume={19},
  number={2},
  year={2019},
  publisher={MDPI}
}

@article{urban-green-trees-worldview,
  title={Urban Tree Species Classification Using a WorldView-2/3 and LiDAR Data Fusion Approach and Deep Learning},
  author={S. HARTLING and V. SAGAN and P. SIDIKE and M. MAIMAITIJIANG and J. CARRON},
  journal={Sensors},
  volume={19},
  number={6},
  year={2019},
  publisher={MDPI}
}

@article{dl-corneal-epithelium,
  title={Hyperspectral Image Enhancement and Mixture Deep-Learning Classification of Corneal Epithelium Injuries},
  author={S. S. M. NOOR and K. MICHAEL and S. MARSHALL and J. REN},
  journal={Sensors},
  volume={17},
  number={11},
  year={2017},
  publisher={MDPI}
}

@article{urban-green-contamination,
  title={Deep Green Diagnostics: Urban Green Space Analysis Using Deep Learning and Drone Images},
  author={M. A. MORENO-ARMENDARIZ and H. CALVO and C. A. DUCHANOY and A. P. LOPEZ-JUAREZ and I. A. VARGAS-MONROY and M. S. SUAREZ-CASTANON},
  journal={Sensors},
  volume={19},
  number={23},
  year={2019},
  publisher={MDPI}
}

@article{tree-detection-uav-cnn,
  title={Assessment of CNN-Based Methods for Individual Tree Detection on Images Captured by RGB Cameras Attached to UAVs},
  author={A. A. dos SANTOS and J. MARCATO and M. S. ARAUJO and D. R. di MARTINI and E. C. TETILA and H. L. SIQUEIRA and C. AOKI and A. EITNER and E. T. MATSUBARA and H. PISTORI},
  journal={Sensors},
  volume={19},
  number={16},
  year={2019},
  publisher={MDPI}
}

@article{survey-dl-rs-enhancement,
  title={Survey of Deep-Learning Approaches for Remote Sensing Observation Enhancement},
  author={G. TSAGKATAKIS and A. AIDINI and K. FOTIADOU and M. GIANNOPOULOS and A. PENTARI and P. TSAKALIDES},
  journal={Sensors},
  volume={19},
  number={18},
  year={2019},
  publisher={MDPI}
}

@article{review-point-clouds,
  title={Object Recognition, Segmentation, and Classification of Mobile Laser Scanning Point Clouds: A State of the Art Review},
  author={E. CHE and J. JUNG and M. J. OLSEN},
  journal={Sensors},
  volume={19},
  number={4},
  year={2019},
  publisher={MDPI}
}

@article{review-ml-agriculture,
  title={Machine Learning in Agriculture: A Review},
  author={K. G. LIAKOS and P. BUSATO and D. MOSHOU and S. PEARSON and D. BOCHTIS},
  journal={Sensors},
  volume={18},
  number={8},
  year={2018},
  publisher={MDPI}
}

@article{rf-knn-svm-for-lc,
  title={Comparison of Random Forest, K-Nearest Neighbor, and Support Vector Machine Classifiers for Land Cover Classification Using Sentinel-2 Imagery},
  author={P. T. NOI and M. KAPPAS},
  journal={Sensors},
  volume={18},
  number={1},
  year={2018},
  publisher={MDPI}
}

@article{review-cv-infra-inspections,
  title={Advances in Computer Vision-Based Civil Infrastructure Inspection and Monitoring},
  author={B. F. SPENCER and V. HOSKERE and Y. NARAZAKI},
  journal={Engineering},
  volume={5},
  number={2},
  year={2019},
  pages={199--222},
  publisher={Elsevier Ltd.}
}

@article{review-crop-phenomics-breeding,
  title={Field Crop Phenomics: Enabling Breeding for Radiation Use Efficiency and Biomass in Cereal Crops},
  author={R. T. FURBANK and J. A. JIMENEZ-BERNI and B. GEORGE-JAEGGLI and A. B. POTGIETER and D. M. DEERY},
  journal={New Phytologist},
  volume={223},
  number={4},
  year={2019},
  pages={1714--1727},
  publisher={Blackwell Publishing Ltd.}
}

@article{review-dl-food,
  title={Application of Deep Learning in Food: A Review},
  author={L. ZHOU and C. ZHANG and F. LIU and Z. QIU and Y. HE},
  journal={Compehensive Reviews in Food Science and Food Safety},
  volume={18},
  number={6},
  year={2019},
  pages={1793--1811},
  publisher={Blackwell Publishing Ltd.}
}

@article{review-video-crowd,
  title={Intelligent Video Surveillance: A Review Through Deep Learning Techniques for Crowd Analysis},
  author={G. SREENU and M. A. S. DURAI},
  journal={Journal of Big Data},
  volume={6},
  number={1},
  year={2019},
  publisher={Springer}
}

@article{landslide-evaluation,
  title={Evaluation of Different Machine Learning Methods and Deep-Learning Convolutional Neural Networks for Landslide Detection},
  author={O. GHORBANZADEH and T. BLASCHKE and K. GHOLAMNIA and S. R. MEENA and D. TIEDE and J. ARYAL},
  journal={Remote Sensing},
  volume={11},
  number={2},
  year={2019},
  publisher={MDPI}
}

@article{dl-for-cv,
  title={Deep Learning for Computer Vision: A Brief Review},
  author={A. VOULODIMOS and N. DOULAMIS and A. DOULAMIS and E. PROTOPAPADAKIS},
  journal={Computational Intelligence and Neuroscience},
  volume={2018},
  year={2018},
  publisher={Hindawi Limited}
}

@article{dnn-plant-diseases,
  title={Deep Neural Networks Based Recognition of Plant Diseases by Leaf Image Classification},
  author={S. SLADOJEVIC and M. ARSENOVIC and A. ANDERLA and D. CULIBRK and D. STEFANOVIC},
  journal={Computational Intelligence and Neuroscience},
  volume={2016},
  year={2016},
  publisher={Hindawi Limited}
}

@article{cnn-parrots,
  title={The Real-Time Mobile Application for Classifying of Endangered Parrot Species Using the CNN Models Based on Transfer Learning},
  author={D. CHOE and E. CHOI and D. K. KIM},
  journal={Mobile Information Systems},
  volume={2020},
  publisher={Hindawi Limited}
}

@article{hyperspectral-multiple-feat-cnn,
  title={Hyperspectral Image Classification Using Convolutional Neural Networks and Multiple Feature Learning},
  author={Q. GAO and S. LIM and X. JIA},
  journal={Remote Sensing},
  volume={10},
  number={2},
  year={2018},
  publisher={MDPI}
}

@article{review-wetlands-40-years,
  title={Meta-Analysis of Wetland Classification Using Remote Sensing: A Systematic Review of a 40-Year Trend in North America},
  author={M. MANDIANPARI and J. E. GRANGER and F. MOHAMMADIMANESH and B. SALEHI and B. BRISCO and S. HOMAYOUNI and E. GILL and B. HUBERTY and M. LANG},
  journal={Remote Sensing},
  volume={12},
  number={11},
  year={2020},
  publisher={MDPI}
}

@article{ship-rdfpn,
  title={Automatic Ship Detection in Remote Sensing Images from Google Earth of Complex Scenes Based on Multiscale Rotation Dense Feature Pyramid Networks},
  author={Y. XUE and H. SUN and K. FU and J. YANG and X. SUN and M. YAN and Z. GUO},
  journal={Remote Sensing},
  volume={10},
  number={1},
  year={2018},
  publisher={MDPI}
}

@article{dl-remote-sensing-review,
  title={Deep Learning in Remote Sensing Applications: A Meta-Analysis and Review},
  author={L. MA and Y. LIU and X. ZHAN and Y. YE and G. YIN and B. A. JOHNSON},
  journal={ISPRS Journal of Photogrammetry and Remote Sensing},
  volume={152},
  year={2019},
  pages={166--177},
  publisher={Elsevier B.V.}
}

@article{mscff,
  title={Deep Learning Based Cloud Detection for Medium and High Resolution Remote Sensing Images of Different Sensors},
  author={Z. LI and H. SHEN and Q. CHENG and Y. LIU and S. YOU and Z. HE},
  journal={ISPRS Journal of Photogrammetry and Remote Sensing},
  volume={150},
  year={2019},
  pages={197--212},
  publisher={Elsevier B.V.}
}

@article{object-based-lc,
  title={A Review of Supervised Object-Based Land-Cover Image Classification},
  author={L. MA and M. LI and X. MA and L. CHENG and P. DU and Y. LIU},
  journal={ISPRS Journal of Photogrammetry and Remote Sensing},
  volume={130},
  year={2017},
  pages={277--293},
  publisher={Elsevier B.V.}
}

@article{multi-temporal-sequential-recurrent,
  title={Multi-Temporal Land Cover Classification with Sequential Recurrent Encoders},
  author={M. RUSSWURM and M. KORNER},
  journal={ISPRS International Journal of Geo-Information},
  volume={7},
  issue={4},
  year={2018},
  publisher={MDPI}
}

@article{multilevel-cloud-cnn,
  title={Multilevel Cloud Detection for High-Resolution Remote Sensing Imagery Using Multiple Convolutional Neural Networks},
  author={Y. CHEN and R. FAN and M. BILAL and X. YANG and J. WANG and W. LI},
  journal={ISPRS International Journal of Geo-Information},
  volume={7},
  issue={5},
  year={2018},
  publisher={MDPI}
}

@article{indoor-positioning-error,
  title={Integration of Convolutional Neural Network and Error Correction for Indoor Positioning},
  author={E. LU and J. CIOU},
  journal={ISPRS International Journal of Geo-Information},
  volume={9},
  issue={2},
  year={2020},
  publisher={MDPI}
}

@article{growth-forecast,
  title={Gloomy Forecast for the Prophets of Apocalypse and Bright Forecast for Chemists},
  author={E. KEINAN},
  journal={Angewandte Chemie - International Edition},
  volume={52},
  issue={10},
  year={2013}
}

@article{review-ml-smart-grid,
  title={Application of Big Data and Machine Learning in Smart Grid, and Associated Security Concerns: A Review},
  author={E. HOSSAIN and I. KHAN and F. UN-NOOR and S. S. SIKANDER and M. S. H. SUNNY},
  journal={IEEE Access},
  volume={7},
  year={2019},
  pages={13960--13988},
  publisher={Institute of Electrical and Electronics Engineers Inc.}
}

@article{p-segnet-cloud,
  title={P\_Segnet and NP\_Segnet: New Neural Network Architectures for Cloud Recognition of Remote Sensing Images},
  author={J. LU and Y. WANG and Y. ZHU and X. JI and T. XING and W. LI and A. ZOMAYA},
  journal={IEEE Access},
  volume={7},
  year={2019},
  pages={87323--87333},
  publisher={Institute of Electrical and Electronics Engineers Inc.}
}

@article{crowd-counting,
  title={Efficient and Switchable CNN for Crowd Counting Based on Embedded Terminal},
  author={J. CHEN and Q. ZHANG and W. ZHENG and X. XIE},
  journal={IEEE Access},
  volume={7},
  year={2019},
  pages={51533--51541},
  publisher={Institute of Electrical and Electronics Engineers Inc.}
}

@article{acoustic-scene,
  title={Acoustic Scene Classification with Squeeze-Excitation Residual Networks},
  author={J. NARANJO-ALCAZAR and S. PEREZ-CASTANOS and P. ZUCCARELLO and M. COBOS},
  journal={IEEE Access},
  volume={8},
  year={2020},
  pages={112287--112296},
  publisher={Institute of Electrical and Electronics Engineers Inc.}
}

@article{mimo-fmcw-parking,
  title={MIMO-FMCW Radar-Based Parking Monitoring Application With a Modified Convolutional Neural Network With Spatial Priors},
  author={J. M. GARCIA and D. ZOEKE and M. VOSSIEK},
  journal={IEEE Access},
  volume={6},
  year={2018},
  pages={41391--41398},
  publisher={Institute of Electrical and Electronics Engineers Inc.}
}

@article{dnn-iot,
  title={Towards a Generalized Approach for Deep Neural Network Based Event Processing for the Internet of Multimedia Things},
  author={A. ASLAM and E. CURRY},
  journal={IEEE Access},
  volume={6},
  year={2018},
  pages={25573--25587},
  publisher={Institute of Electrical and Electronics Engineers Inc.}
}

@article{survey-fusion-iot-ubiquitous,
  title={Data Fusion and IoT for Smart Ubiquitous Environments: A Survey},
  author={F. ALAM and R. MEHMOOD and I. KATIB and N. N. ALBOGAMI and A. ALBESHRI},
  journal={IEEE Access},
  volume={5},
  year={2017},
  pages={9533--9554},
  publisher={Institute of Electrical and Electronics Engineers Inc.}
}

@article{human-transcription-factors,
  title={The Human Transcription Factors},
  author={S. A. LAMBERT and A. JOLMA and L. F. CAMPITELLI and P. K. DAS and Y. YIN and M. ALBU and X. CHEN and J. TAIPALE and T. R. HUGHES and M. T. WEIRAUCH},
  journal={Cell},
  volume={172},
  number={4},
  year={2018},
  pages={650--665},
  publisher={Cell Press}
}

@article{review-nucleus-cell,
  title={Robust Nucleus/Cell Detection and Segmentation in Digital Pathology and Microscopy Images: A Comprehensive Review},
  author={F. XING and L. YANG},
  journal={IEEE Reviews in Biomedical Engineering},
  volume={9},
  year={2016},
  pages={234--263},
  publisher={Institute of Electrical and Electronics Engineers Inc.}
}

@article{dl-rs-built-up-areas,
  title={Deep Learning-Based Classification Methods for Remote Sensing Images in Urban Built-Up Areas},
  author={W. LI and H. LIU and Y. WANG and Z. LI and Y. JIA and G. GUI},
  journal={IEEE Access},
  volume={7},
  year={2019},
  pages={36274--36284},
  publisher={Institute of Electrical and Electronics Engineers Inc.}
}

@article{window-zooming-fruit,
  title={Window Zooming-Based Localization Algorithm of Fruit and Vegetable for Harvesting Robot},
  author={C. WANG and T. LUO and L. ZHAO and Y. TANG and X. ZOU},
  journal={IEEE Access},
  volume={7},
  year={2019},
  pages={103639--103649},
  publisher={Institute of Electrical and Electronics Engineers Inc.}
}

@article{review-survey-dl,
  title={A Survey of Deep Learning: Platforms, Applications and Emerging Research Trends},
  author={W. G. HATCHER and W. GU},
  journal={IEEE Access},
  volume={6},
  year={2018},
  pages={24411--24432},
  publisher={Institute of Electrical and Electronics Engineers Inc.}
}

@article{review-uav-applications,
  title={Unmanned Aerial Vehicles (UAVs): A Survey on Civil Applications and Key Research Challenges},
  author={H. SHAKHATREH and A. H. SAWALMEH and A. AL-FUQAHA and Z. DOU and E. ALMAITA and I. KHALIL and N. S. OTHMAN and A. KHREISHAH and M. GUIZANI},
  journal={IEEE Access},
  volume={7},
  year={2019},
  pages={48572--48634},
  publisher={Institute of Electrical and Electronics Engineers Inc.}
}

@article{review-autonomus-vehicles,
  title={A Systematic Review of Perception System and Simulators for Autonomous Vehicles Research},
  author={F. ROSIQUE and P. J. NAVARRO and C. FERNÁNDEZ and A. PADILLA},
  journal={Sensors},
  volume={19},
  issue={3},
  year={2019},
  publisher={MDPI}
}

@article{dl-bird-detection,
  title={Application of Deep-Learning Methods to Bird Detection Using Unmanned Aerial Vehicle Imagery},
  author={S. HONG and Y. HAN and S. KIM and A. LEE and G. KIM},
  journal={Sensors},
  volume={19},
  issue={7},
  year={2019},
  publisher={MDPI}
}

@article{review-grasp,
  title={Review of Deep Learning Methods in Robotic Grasp Detection},
  author={S. CALDERA and A. RASSAU and D. CHAI},
  journal={Multimodal Technologies and Interaction},
  volume={2},
  issue={3},
  year={2018},
  publisher={MDPI}
}

@article{review-3d-human-interaction,
  title={Review of Three-Dimensional Human-Computer Interaction with Focus on the Leap Motion Controller},
  author={D. BACHMANN and F. WEICHERT and G. RINKENAUER},
  journal={Sensors},
  volume={18},
  issue={7},
  year={2018},
  publisher={MDPI}
}

@article{review-dl-3d-classification,
  title={A Review on Deep Learning Techniques for 3D Sensed Data Classification},
  author={D. GRIFFITHS and J. BOEHM},
  journal={Remote Sensing},
  volume={11},
  issue={12},
  year={2019},
  publisher={MDPI}
}

@article{bi-sad-cloud,
  title={Compact Cloud Detection with Bidirectional Self-Attention Knowledge Distillation},
  author={Y. CHAI and K. FU and X. SUN and W. DIAO and Z. YAN and Y. FENG and L. WANG},
  journal={Remote Sensing},
  volume={12},
  issue={17},
  year={2020},
  publisher={MDPI}
}

@article{cloudfcn,
  title={CloudFCN: Accurate and Robust Cloud Detection for Satellite Imagery with Deep Learning},
  author={A. FRANCIS and P. SIDIROPOULOS and J. MULLER},
  journal={Remote Sensing},
  volume={11},
  issue={19},
  year={2019},
  publisher={MDPI}
}

@article{multilevel-features-cloud-cnn,
  title={Utilizing Multilevel Features for Cloud Detection on Satellite Imagery},
  author={X. WU and Z. SHI},
  journal={Remote Sensing},
  volume={10},
  issue={11},
  year={2018},
  publisher={MDPI}
}

@article{center-pivot-remote-sensing,
  title={Deep Semantic Segmentation of Center Pivot Irrigation Systems from Remotely Sensed Data},
  author={A. DE ALBUQUERQUE and O. DE CARVALHO and P. DE BEM and P. FERREIRA and R. DE MOURA and C. SILVA and R. GOMES and R. GUIMARAES},
  journal={Remote Sensing},
  volume={12},
  issue={13},
  year={2020},
  publisher={MDPI}
}

@article{dl-sl-wetland,
  title={Comparing Deep Learning and Shallow Learning for Large-Scale Wetland Classification in Alberta, Canada},
  author={E. R. DELANCEY and J. F. SIMMS and M. MAHDIANPARI and B. BRISCO and C. MAHONEY and J. KARIYEVA},
  journal={Remote Sensing},
  volume={12},
  issue={1},
  year={2020},
  publisher={MDPI}
}

@article{urban-green-quantification,
  title={Integrating Remote Sensing and Street View Images to Quantify Urban Forest Ecosystem Services},
  author={E. BARBIERATO and I. BERNETTI and I. CAPECCHI and C. SARAGOSA},
  journal={Remote Sensing},
  volume={12},
  issue={2},
  year={2020},
  publisher={MDPI}
}

@article{review-uav-rs,
  title={Unmanned Aerial Vehicle for Remote Sensing Applications - A review},
  author={H. YAO and R. QIN and X. CHEN},
  journal={Remote Sensing},
  volume={11},
  issue={12},
  year={2019},
  publisher={MDPI}
}

@article{nanophotonics,
  title={Intelligent Nanophotonics: Merging Photonics and Artificial Intelligence at the Nanoscale},
  author={K. YAO and R. UNNI and Y. ZHENG},
  journal={Nanophotonics},
  volume={8},
  issue={3},
  pages={339--366},
  year={2019},
  publisher={De Gruyter}
}

@article{review-crop-phenomics,
  title={Crop Phenomics: Current Status and Perspectives},
  author={C. ZHAO and Y. ZHANG and J. DU and X. GUO and W. WEN and S. GU and J. WANG and J. FAN},
  journal={Frontiers in Plant Science},
  volume={10},
  year={2019},
  publisher={Frontiers Media S.A.}
}

@article{reproductive-structures-herbarium,
  title={A New Method for Counting Reproductive Structures in Digitized Herbarium Specimens Using Mask R-CNN},
  author={C. C. DAVIS and J. CHAMP and D. S. PARK and I. BRECKHEIMER and G. M. LYRA and J. XIE and A. JOLY and D. TARAPORE and A. M. ELLISON and P. BONNET},
  journal={Frontiers in Plant Science},
  volume={11},
  year={2020},
  publisher={Frontiers Media S.A.}
}

@article{dcnn-parking-detection,
  title={Parking Slot Detection on Around-View Images Using DCNN},
  author={W. LI and H. CAO and J. LIAO and J. XIA and L. CAO and A. KNOLL},
  journal={Frontiers in Neurorobotics},
  volume={14},
  year={2020},
  publisher={Frontiers Media S.A.}
}

@article{autism-disorder-corrigendum,
  title={Corrigendum: Toward an Automated Measure of Social Engagement for Children With Autism Spectrum Disorder—A Personalized Computational Modeling Approach},
  author={H. JAVED and W. LEE and C. PARK},
  journal={Frontiers in Robotics and AI},
  volume={7},
  year={2020},
  publisher={Frontiers Media S.A.}
}

@article{autism-disorder,
  title={Toward an Automated Measure of Social Engagement for Children With Autism Spectrum Disorder—A Personalized Computational Modeling Approach},
  author={H. JAVED and W. LEE and C. PARK},
  journal={Frontiers in Robotics and AI},
  volume={7},
  year={2020},
  publisher={Frontiers Media S.A.}
}

@article{language-network-dl,
  title={Mapping of the Language Network With Deep Learning},
  author={P. LUCKETT and J. J. LEE and K. Y. PARK and D. DIERKER and A. G. S. DANIEL and B. A. SEITZMAN and C. D. HACKER and B. M. ANCES and E. C. LEUTHARDT and A. Z. SNYDER and J. S. SHIMONY},
  journal={Frontiers in Neurology},
  volume={11},
  year={2020},
  publisher={Frontiers Media S.A.}
}

@article{dl-brain-stimulation,
  title={Deep Learning-Based Deep Brain Stimulation Targeting and Clinical Applications},
  author={S. PARK and J. CHA and S. LEE and W. JANG and C. LEE and J. LEE},
  journal={Frontiers in Neuroscience},
  volume={13},
  year={2019},
  publisher={Frontiers Media S.A.}
}

@article{cnn-neuroimaging,
  title={Geometric Convolutional Neural Network for Analyzing Surface-Based Neuroimaging Data},
  author={S. SEONG and C. PAE and H. PARK},
  journal={Frontiers in Neuroinformatics},
  volume={12},
  year={2018},
  publisher={Frontiers Media S.A.}
}

@article{urban-green-obesity,
  title={Does Green Space Really Matter for Residents' Obesity? A New Perspective From Baidu Street View},
  author={Y. XIAO and Y. ZHANG and Y. SUN and P. TAO and X. KUANG},
  journal={Frontiers in Public Health},
  volume={8},
  year={2020},
  publisher={Frontiers Media S.A.}
}

@article{review-age-estimation,
  title={Age Estimation Via Face Images: A Survey},
  author={R. ANGULU and J. R. TAPAMO and A. O. ADEWUMI},
  journal={Eurasip Journal on Image and Video Processing},
  volume={2018},
  issue={1},
  year={2018},
  publisher={Springer}
}

@article{review-shot-boundary,
  title={Methods and Challenges in Shot Boundary Detection: A Review},
  author={S. H. ABDULHUSSAIN and A. R. RAMLI and M. I. SARIPAN and B. M. MAHMMOD and S. A. R. AL-HADDAD and W. A. JASSIM},
  journal={Entropy},
  volume={20},
  issue={4},
  year={2018},
  publisher={MDPI}
}

@article{cnn-hs-class,
  title={A New Deep Convolutional Neural Network for Fast Hyperspectral Image Classification},
  author={M. E. PAOLETTI and J. M. HAUT and J. PLAZA and A. PLAZA},
  journal={ISPRS Journal of Photogrammetry and Remote Sensing},
  volume={145},
  pages={120--147},
  year={2018},
  publisher={Elsevier B.V.}
}

@article{wrapper-feature-selection,
  title={Wrappers for Feature Subset Selection},
  author={R. KOHAVI and G. H. JOHN},
  journal={Artificial Intelligence},
  volume={97},
  numebr={1--2},
  pages={273--324},
  year={1997},
  publisher={Elsevier}
}

@article{cnn-fusion-clouds,
  title={A CNN-Based Fusion Method for Feature Extraction from Sentinel Data},
  author={G. SCARPA and M. GARGUIO and A. MAZZA and R. GAETANO},
  journal={Remote Sensing},
  volume={10},
  number={2},
  year={2018},
  publisher={MDPI}
}

@article{cnn-fusion-hr-hsr,
  title={Hyperspectral and Multispectral Image Fusion via Deep Two-Branches Convolutional Neural Network},
  author={J. YANG and Y. ZHAO and J. C. CHAN},
  journal={Remote Sensing},
  volume={10},
  number={5},
  year={2018},
  publisher={MDPI}
}

@article{deformable-faster-r-cnn,
  title={Deformable Faster R-CNN with Aggregating Multi-Layer Features for Partially Occluded Object Detection in Optical Remote Sensing Images},
  author={Y. REN and C. ZHU and S. XIAO},
  journal={Remote Sensing},
  volume={10},
  number={9},
  year={2018},
  publisher={MDPI}
}

@article{3d-cnn-crop,
  title={3D Convolutional Neural Networks for Crop Classification with Multi-Temporal Remote Sensing Images},
  author={S. LI and C. ZHANG and A. XU and Y. SHI and Y. DUAN},
  journal={Remote Sensing},
  volume={10},
  number={1},
  year={2018},
  publisher={MDPI}
}

@article{res-u-net,
  title={Building Extraction in Very High Resolution Remote Sensing Imagery Using Deep Learning and Guided Filters},
  author={Y. XU and L. WU and Z. XIE and Z. CHEN},
  journal={Remote Sensing},
  volume={10},
  number={1},
  year={2018},
  publisher={MDPI}
}

@article{dl-lungs,
  title={Deep Learning Provisions in the Matlab: Focus on CNN},
  author={R. ARAVINDASAMY and M. Jeffrin RAJAN and A. RAMA and P. KAVITHA},
  journal={International Journal of Innovative Technology and Exploring Engineering},
  volume={8},
  number={9},
  year={2019},
  pages={990--994},
  publisher={Blue Eyes Intelligence Engineering and Sciences Publication}
}

@article{dl-medicine-preprocessing,
  title={Preprocessing Medical Images for Classification Using Deep Learning Techniques},
  author={A. RAMA and A. KUMARAVEL and C. NALINI},
  journal={International Journal of Innovative Technology and Exploring Engineering},
  volume={8},
  number={9},
  year={2019},
  pages={711--716},
  publisher={Blue Eyes Intelligence Engineering and Sciences Publication}
}

@article{maoxian-landslide,
  title={The Maoxian Landslide as Seen from Space: Detecting Precursors of Failure with Sentinel-1 Data},
  author={E. INTRIERI and F. RASPINI and A. FUMAGALLI and P. LU and S. DEL CONTE and P. FARINA and J. ALLIEVI and A. FERRETTI and N. CASAGLI},
  journal={Landslides},
  volume={15},
  number={1},
  year={2018},
  pages={123--133},
  publisher={Springer Verlag}
}

@article{sl-quark-gluon-jet,
  title={Deep Learning in Color: Towards Automated Quark/Gluon Jet Discrimination},
  author={P. T. KOMISKE and E. M. METODIEV and M. D. SCHWARTZ},
  journal={Journal of High Energy Physics},
  volume={2017},
  number={1},
  year={2017},
  publisher={Springer Verlag}
}

@article{very-deep-cnn-lc,
  title={Very Deep Convolutional Neural Networks for Complex Land Cover Mapping Using Multispectral Remote Sensing Imagery},
  author={M. MAHDIANPARI and B. SALEHI and M. REZAEE and F. MOHAMMADIMANESH and Y. ZHANG},
  journal={Remote Sensing},
  volume={10},
  number={7},
  year={2018},
  publisher={MDPI AG}
}

@article{state-of-the-art-dl,
  title={A State-of-the-Art Survey on Deep Learning Theory and Architectures},
  author={M. Z. ALOM and T. M. TAHA and C. YAKOPCIC and S. WESTBERG and P. SIDIKE and M. S. NASRIN and M. HASAN and B. C. VAN ESSEN and A. A. S. AWWAL and V. K. ASARI},
  journal={Electronics},
  volume={8},
  number={3},
  year={2019},
  publisher={MDPI AG}
}

@article{real-time-management,
  title={A Real-Time Decision Platform for the Management of Structures and Infrastructures},
  author={M. MERENDA and F. G. PRACTICO and R. FEDELE and R. CAROTENUTO and F. G. D. CORTE},
  journal={Electronics},
  volume={8},
  number={10},
  year={2019},
  publisher={MDPI AG}
}

@article{state-of-the-art-ann,
  title={State-of-the-Art in Artificial Neural Network Applications: A Survey},
  author={O. I. ABIODUN and A. JANTAN and A. E. OMOLARA and K. V. DADA and N. A. MOHAMED and H. ARSHAD},
  journal={Heliyon},
  volume={4},
  number={11},
  publisher={Elsevier}
}

@article{uav-building-damages,
  title={UAV-Based Structural Damage Mapping: A Review},
  author={N. KERLE and F. NEX and M. GERKE and D. DUARTE and A. VETRIVEL},
  journal={ISPRS International Journal of Geo-Information},
  volume={9},
  number={1},
  year={2020},
  publisher={MDPI}
}

@article{cnn-lc-gaofen-2,
  title={Comparing fully deep convolutional neural networks for land cover classification with high-spatial-resolution gaofen-2 images},
  author={Z. HAN and Y. DIAN and H. XIA and J. ZHOU and Y. JIAN and C. YAO and X. WANG and Y. LI},
  journal={ISPRS International Journal of Geo-Information},
  volume={9},
  number={8},
  year={2020},
  publisher={MDPI}
}

@article{object-detection-hrs-multi-scale,
  title={Geospatial Object Detection in High Resolution Satellite Images Based on Multi-Scale Convolutional Neural Network},
  author={W. GUI and W. YANG and H. ZHANG and G. HUO},
  journal={Remote Sensing},
  volume={10},
  number={1},
  year={2018},
  publisher={MDPI}
}

@misc{vgg,
  title     = {Very Deep Convolutional Networks for Large-Scale Image Recognition},
  author    = {K. SIMONYAN and A. ZISSERMAN},
  journal   = {CoRR},
  volume    = {abs/1409.1556},
  year      = {2014},
  url       = {http://arxiv.org/abs/1409.1556},
  archivePrefix = {arXiv},
  eprint    = {1409.1556},
  timestamp = {Tue, 11 Aug 2020 23:39:51 +0100}
}

@misc{knowledge-distillation,
  title={Distilling the Knowledge in a Neural Network},
  author={Geoffrey Hinton and Oriol Vinyals and Jeff Dean},
  year={2015},
  eprint={1503.02531},
  archivePrefix={arXiv},
  primaryClass={stat.ML},
  timestamp = {Wed, 5 May 2021 23:16:11 +0100}
}

@misc{ladder-networks,
  title     = {Semi-Supervised Learning with Ladder Networks},
  author    = {A. RASMUS and H. VALPOLA and M. HONKALA and M. BERGLUND and T. RAIKO},
  journal   = {CoRR},
  volume    = {abs/1507.02672},
  year      = {2015},
  url       = {http://arxiv.org/abs/1507.02672},
  archivePrefix = {arXiv},
  eprint    = {1507.02672},
  timestamp = {Tue, 11 Aug 2020 23:33:41 +0100}
}

@misc{r2cnn,
  title={R2CNN: Rotational Region CNN for Orientation Robust Scene Text Detection},
  author={Y. JIANG and X. ZHU and X. WANG and S. YANG and W. LI and H. WANG and P. FU and Z. LUO},
  year={2017},
  url={https://arxiv.org/abs/1706.09579},
  eprint={1706.09579},
  archivePrefix={arXiv},
  timestamp={Tue, 11 Aug 2020 20:56:51 +0100}
}

@misc{deeplab,
  title={Semantic Image Segmentation with Deep Convolutional Nets and Fully Connected CRFs},
  author={L. C. CHEN and G. PAPANDREOU and I. KOKKINOS and K. MURPHY and A. L. YUILLE},
  year={2014},
  url={https://arxiv.org/abs/1412.7062},
  eprint={1412.7062},
  archivePrefix={arXiv},
  primaryClass={cs.CV},
  timestamp={Tue, 11 Aug 2020 23:41:21 +0100}
}

@misc{mobilenet,
  title={MobileNets: Efficient Convolutional Neural Networks for Mobile Vision Applications},
  author={A. G. HOWARD and M. ZHU and B. CHEN and D. KALENICHENKO and W. WANG and T. WEYAND and M. ANDREETTO and H. ADAM},
  year={2017},
  url={https://arxiv.org/abs/1704.04861},
  eprint={1704.04861},
  archivePrefix={arXiv},
  primaryClass={cs.CV},
  timestamp={Tue, 11 Aug 2020 23:59:34 +0100}
}
